@ARTICLE{Ding2021-je,
  title     = "{Deliberation and epistemic democracy}",
  author    = "Ding, Huihui and Pivato, Marcus",
  journal   = "Journal of economic behavior \& organization",
  publisher = "Elsevier",
  volume    =  185,
  pages     = "138--167",
  month     =  may,
  year      =  2021,
  keywords  = "Deliberation; Epistemic social choice; Condorcet Jury Theorem;
               Probabilistic belief aggregation; Multiplicative pooling"
}

@ARTICLE{Chung2020-cy,
  title     = "{A Formal Theory of Democratic Deliberation}",
  author    = "Chung, Hun and Duggan, John",
  journal   = "The American political science review",
  publisher = "Cambridge University Press",
  volume    =  114,
  number    =  1,
  pages     = "14--35",
  month     =  feb,
  year      =  2020
}

@INCOLLECTION{Austen-Smith2005-hr,
  title     = "{Deliberation and Voting Rules}",
  booktitle = "{Social Choice and Strategic Decisions: Essays in Honor of
               Jeffrey S. Banks}",
  author    = "Austen-Smith, David and Feddersen, Timothy",
  editor    = "Austen-Smith, David and Duggan, John",
  publisher = "Springer Berlin Heidelberg",
  pages     = "269--316",
  year      =  2005,
  address   = "Berlin, Heidelberg"
}

@ARTICLE{Dietrich2021-dw,
  title     = "{Deliberation and the Wisdom of Crowds}",
  author    = "Dietrich, Franz and Spiekermann, Kai",
  journal   = "working paper",
  year      =  2021
}


@ARTICLE{List2011-wj,
  title     = "{Group communication and the transformation of judgments: An
               impossibility result}",
  author    = "List, Christian",
  journal   = "The Journal of Political Philosophy",
  publisher = "Wiley",
  volume    =  19,
  number    =  1,
  pages     = "1--27",
  month     =  mar,
  year      =  2011,
  language  = "en"
}


@UNPUBLISHED{List2017-ft,
  title    = "{Democratic Deliberation and Social Choice: A Review}",
  author   = "List, Christian",
  month    =  jun,
  year     =  2017,
  keywords = "Deliberative democracy, social choice, aggregation, deliberation,
              Arrow's theorem, Condorcet's paradox, possibility results,
              consensus, meta-consensus"
}



@INPROCEEDINGS{Brill2016-pw,
  title     = "{Pairwise Diffusion of Preference Rankings in Social Networks}",
  booktitle = "{IJCAI 2016}",
  author    = "Brill, Markus and Elkind, Edith and Endriss, Ulle and Grandi,
               Umberto",
  publisher = "AAAI Press",
  pages     = "130--136",
  month     =  jul,
  year      =  2016,
  location  = "New York, New York, USA"
}


@INPROCEEDINGS{Hassanzadeh2013-ly,
  title     = "{Building consensus via iterative voting}",
  booktitle = "{2013 IEEE International Symposium on Information Theory}",
  author    = "Hassanzadeh, Farzad Farnoud and Yaakobi, Eitan and Touri,
               Behrouz and Milenkovic, Olgica and Bruck, Jehoshua",
  pages     = "1082--1086",
  month     =  jul,
  year      =  2013
}


@INCOLLECTION{Pivato2019-sd,
  title     = "{Realizing Epistemic Democracy}",
  booktitle = "{The Future of Economic Design}",
  author    = "Pivato, Marcus",
  editor    = "Laslier, Jean-Fran{\c c}ois and Moulin, Herv{\'e} and Sanver, M
               Remzi and Zwicker, William S",
  publisher = "Springer",
  pages     = "103--112",
  year      =  2019,
  address   = "Cham"
}

@ARTICLE{Austen-Smith2006-vx,
  title     = "{Deliberation, Preference Uncertainty, and Voting Rules}",
  author    = "Austen-Smith, David and Feddersen, Timothy J",
  journal   = "The American political science review",
  publisher = "Cambridge University Press",
  volume    =  100,
  number    =  2,
  pages     = "209--217",
  month     =  may,
  year      =  2006
}

@ARTICLE{Schwind2015-bx,
  title     = "{Belief Revision Games}",
  author    = "Schwind, Nicolas and Inoue, Katsumi and Bourgne, Gauvain and
               Konieczny, S{\'e}bastien and Marquis, Pierre",
  journal   = "Proceedings of the AAAI Conference on Artificial Intelligence",
  publisher = "ojs.aaai.org",
  volume    =  29,
  number    =  1,
  month     =  feb,
  year      =  2015,
  keywords  = "Belief Revision Games; Belief Change; Social Networks",
  language  = "en"
}

@ARTICLE{Hong2004-gy,
  title     = "{Groups of diverse problem solvers can outperform groups of
               high-ability problem solvers}",
  author    = "Hong, Lu and Page, Scott E",
  journal   = "Proceedings of the National Academy of Sciences of the United
               States of America",
  publisher = "National Acad Sciences",
  volume    =  101,
  number    =  46,
  pages     = "16385--16389",
  month     =  nov,
  year      =  2004,
  language  = "en"
}


@ARTICLE{Golub2010-qn,
  title    = "{Na{\"\i}ve Learning in Social Networks and the Wisdom of Crowds}",
  author   = "Golub, Benjamin and Jackson, Matthew O",
  journal  = "American Economic Journal: Microeconomics",
  volume   =  2,
  number   =  1,
  pages    = "112--149",
  month    =  feb,
  year     =  2010
}



